<record><leader>00000cas a2200000 a 4500</leader><controlfield tag="001">39132786</controlfield><controlfield tag="008">980516d19uu19uucaucr ne      0    0eng c</controlfield><datafield ind1=" " ind2=" " tag="010"><subfield code="a">sn 98061470 </subfield></datafield><datafield ind1=" " ind2=" " tag="040"><subfield code="a">CNK</subfield><subfield code="b">eng</subfield><subfield code="c">CNK</subfield><subfield code="d">OCLCQ</subfield><subfield code="d">CNK</subfield><subfield code="d">OCLCQ</subfield><subfield code="d">OCLCF</subfield><subfield code="d">OCLCO</subfield></datafield><datafield ind1="1" ind2=" " tag="029"><subfield code="a">AU@</subfield><subfield code="b">000013957313</subfield></datafield><datafield ind1=" " ind2=" " tag="042"><subfield code="a">pcc</subfield></datafield><datafield ind1=" " ind2=" " tag="043"><subfield code="a">n-us-ca</subfield></datafield><datafield ind1="0" ind2="0" tag="245"><subfield code="a">Los Altos East Long Beach herald American.</subfield></datafield><datafield ind1="3" ind2=" " tag="246"><subfield code="a">Herald American</subfield></datafield><datafield ind1=" " ind2=" " tag="260"><subfield code="a">Lakewood, Calif. :</subfield><subfield code="b">Herald Pub. Co.</subfield></datafield><datafield ind1=" " ind2=" " tag="300"><subfield code="a">v.</subfield></datafield><datafield ind1=" " ind2=" " tag="310"><subfield code="a">Semiweekly</subfield></datafield><datafield ind1=" " ind2=" " tag="500"><subfield code="a">"Los Altos East Long Beach" appears in small print above "Herald American," &lt;Jan. 4-Sept. 29, 1968&gt;</subfield></datafield><datafield ind1=" " ind2=" " tag="500"><subfield code="a">"Serving the communities of Los Altos, Lakewood Plaza, Rossmoor, E. Long Beach."</subfield></datafield><datafield ind1=" " ind2=" " tag="580"><subfield code="a">Published in several local editions.</subfield></datafield><datafield ind1=" " ind2=" " tag="588"><subfield code="a">Description based on: Vol. 21, no. 41 (Feb. 17, 1957).</subfield></datafield><datafield ind1=" " ind2="0" tag="651"><subfield code="a">Los Angeles County (Calif.)</subfield><subfield code="v">Newspapers.</subfield></datafield><datafield ind1=" " ind2="7" tag="655"><subfield code="a">Newspapers.</subfield><subfield code="2">fast</subfield><subfield code="0">(OCoLC)fst01423814</subfield></datafield><datafield ind1=" " ind2="7" tag="651"><subfield code="a">California</subfield><subfield code="z">Los Angeles County.</subfield><subfield code="2">fast</subfield><subfield code="0">(OCoLC)fst01205194</subfield></datafield><datafield ind1=" " ind2=" " tag="752"><subfield code="a">United States</subfield><subfield code="b">California</subfield><subfield code="c">Los Angeles</subfield><subfield code="d">Lakewood.</subfield></datafield></record>